<marc:collection xmlns:marc="http://www.loc.gov/MARC21/slim" xmlns:xsi="http://www.w3.org/2001/XMLSchema-instance" xsi:schemaLocation="http://www.loc.gov/MARC21/slim http://www.loc.gov/standards/marcxml/schema/MARC21slim.xsd">
    <marc:record type="Bibliographic">
        <marc:leader>02128cem a2200529Ia 4500</marc:leader>
        <marc:controlfield tag="001">5599834</marc:controlfield>
        <marc:controlfield tag="005">20081119090413.0</marc:controlfield>
        <marc:controlfield tag="007">aj canzn</marc:controlfield>
        <marc:controlfield tag="008">081031s1696    ja i      a     0   jpn d</marc:controlfield>
        <marc:datafield tag="035" ind1=" " ind2=" ">
            <marc:subfield code="a">(OCoLC)ocn265806023</marc:subfield>
        </marc:datafield>
        <marc:datafield tag="040" ind1=" " ind2=" ">
            <marc:subfield code="a">CUY</marc:subfield>
            <marc:subfield code="c">PULEA</marc:subfield>
            <marc:subfield code="d">OCL</marc:subfield>
            <marc:subfield code="d">OCLCQ</marc:subfield>
            <marc:subfield code="d">PULEA</marc:subfield>
        </marc:datafield>
        <marc:datafield tag="034" ind1="0" ind2=" ">
            <marc:subfield code="a">a</marc:subfield>
        </marc:datafield>
        <marc:datafield tag="035" ind1=" " ind2=" ">
            <marc:subfield code="a">(OCoLC)265806023</marc:subfield>
        </marc:datafield>
        <marc:datafield tag="043" ind1=" " ind2=" ">
            <marc:subfield code="a">a-ja---</marc:subfield>
        </marc:datafield>
        <marc:datafield tag="050" ind1=" " ind2="4">
            <marc:subfield code="a">G7964.K98G46 1696</marc:subfield>
            <marc:subfield code="b">.H3</marc:subfield>
        </marc:datafield>
        <marc:datafield tag="052" ind1=" " ind2=" ">
            <marc:subfield code="a">7964</marc:subfield>
            <marc:subfield code="b">K98</marc:subfield>
        </marc:datafield>
        <marc:datafield tag="079" ind1=" " ind2=" ">
            <marc:subfield code="a">ocm21838213</marc:subfield>
        </marc:datafield>
        <marc:datafield tag="049" ind1=" " ind2=" ">
            <marc:subfield code="a">MAIN</marc:subfield>
        </marc:datafield>
        <marc:datafield tag="100" ind1="1" ind2=" ">
            <marc:subfield code="6">880-01</marc:subfield>
            <marc:subfield code="a">Hayashi, Yoshinaga.</marc:subfield>
        </marc:datafield>
        <marc:datafield tag="245" ind1="1" ind2="0">
            <marc:subfield code="6">880-02</marc:subfield>
            <marc:subfield code="a">Shinsen zōho Kyō ōezu.</marc:subfield>
        </marc:datafield>
        <marc:datafield tag="246" ind1="3" ind2="0">
            <marc:subfield code="6">880-03</marc:subfield>
            <marc:subfield code="a">Kyō ōezu</marc:subfield>
        </marc:datafield>
        <marc:datafield tag="255" ind1=" " ind2=" ">
            <marc:subfield code="a">Scale not given.</marc:subfield>
        </marc:datafield>
        <marc:datafield tag="260" ind1=" " ind2=" ">
            <marc:subfield code="6">880-04</marc:subfield>
            <marc:subfield code="a">[Kyoto] :</marc:subfield>
            <marc:subfield code="b">Hayashi-shi Yoshinaga,</marc:subfield>
            <marc:subfield code="c">Genroku 9 [1696]</marc:subfield>
        </marc:datafield>
        <marc:datafield tag="300" ind1=" " ind2=" ">
            <marc:subfield code="a">1 map :</marc:subfield>
            <marc:subfield code="b">col. ;</marc:subfield>
            <marc:subfield code="c">165 x 125.5 cm., folded to 25 x 17 cm.</marc:subfield>
        </marc:datafield>
        <marc:datafield tag="500" ind1=" " ind2=" ">
            <marc:subfield code="a">Wood block print, hand colored.</marc:subfield>
        </marc:datafield>
        <marc:datafield tag="500" ind1=" " ind2=" ">
            <marc:subfield code="a">Title from title piece.</marc:subfield>
        </marc:datafield>
        <marc:datafield tag="500" ind1=" " ind2=" ">
            <marc:subfield code="6">880-05</marc:subfield>
            <marc:subfield code="a">Relief shown pictorially.</marc:subfield>
        </marc:datafield>
        <marc:datafield tag="500" ind1=" " ind2=" ">
            <marc:subfield code="a">Shows selected landowners and points of interest.</marc:subfield>
        </marc:datafield>
        <marc:datafield tag="500" ind1=" " ind2=" ">
            <marc:subfield code="a">Includes distance chart and index.</marc:subfield>
        </marc:datafield>
        <marc:datafield tag="500" ind1=" " ind2=" ">
            <marc:subfield code="a">Includes text on main temples and shrines.</marc:subfield>
        </marc:datafield>
        <marc:datafield tag="506" ind1="1" ind2=" ">
            <marc:subfield code="a">Restricted;</marc:subfield>
            <marc:subfield code="c">Access by appointment only.</marc:subfield>
        </marc:datafield>
        <marc:datafield tag="510" ind1="4" ind2=" ">
            <marc:subfield code="6">880-06</marc:subfield>
            <marc:subfield code="a">Kyōto zu sōmokuroku / Ōtsuka Takashi.</marc:subfield>
            <marc:subfield code="c">p. 16 (Shinsen zōho Kyō ōezu, Genroku 9-sai (1696) 2-gatsu kisshin, Hayashi Yoshinaga; 167 x 125 cm., shusaishoku)</marc:subfield>
        </marc:datafield>
        <marc:datafield tag="541" ind1=" " ind2=" ">
            <marc:subfield code="a">Gift of</marc:subfield>
            <marc:subfield code="c">John Elliott,</marc:subfield>
            <marc:subfield code="d">February 1996.</marc:subfield>
        </marc:datafield>
        <marc:datafield tag="651" ind1=" " ind2="0">
            <marc:subfield code="a">Kyoto (Japan)</marc:subfield>
            <marc:subfield code="v">Maps</marc:subfield>
            <marc:subfield code="v">Early works to 1800.</marc:subfield>
        </marc:datafield>
        <marc:datafield tag="650" ind1=" " ind2="0">
            <marc:subfield code="a">Real property</marc:subfield>
            <marc:subfield code="z">Japan</marc:subfield>
            <marc:subfield code="z">Kyoto</marc:subfield>
            <marc:subfield code="v">Maps</marc:subfield>
            <marc:subfield code="v">Early works to 1800.</marc:subfield>
        </marc:datafield>
        <marc:datafield tag="655" ind1=" " ind2="7">
            <marc:subfield code="a">Maps</marc:subfield>
            <marc:subfield code="z">Japan</marc:subfield>
            <marc:subfield code="z">Kyoto</marc:subfield>
            <marc:subfield code="y">1696.</marc:subfield>
            <marc:subfield code="2">aat</marc:subfield>
        </marc:datafield>
        <marc:datafield tag="730" ind1="0" ind2=" ">
            <marc:subfield code="6">880-07</marc:subfield>
            <marc:subfield code="a">Kyō ezu.</marc:subfield>
        </marc:datafield>
        <marc:datafield tag="856" ind1="4" ind2="1">
            <marc:subfield code="z">See the map</marc:subfield>
            <marc:subfield code="u">http://gisserver.princeton.edu/map/16213</marc:subfield>
        </marc:datafield>
        <marc:datafield tag="880" ind1="1" ind2=" ">
            <marc:subfield code="6">100-01</marc:subfield>
            <marc:subfield code="a">林吉永.</marc:subfield>
        </marc:datafield>
        <marc:datafield tag="880" ind1="1" ind2="0">
            <marc:subfield code="6">245-02</marc:subfield>
            <marc:subfield code="a">新選増補京大繪圖.</marc:subfield>
        </marc:datafield>
        <marc:datafield tag="880" ind1="3" ind2="0">
            <marc:subfield code="6">246-03</marc:subfield>
            <marc:subfield code="a">京大繪圖</marc:subfield>
        </marc:datafield>
        <marc:datafield tag="880" ind1=" " ind2=" ">
            <marc:subfield code="6">260-04</marc:subfield>
            <marc:subfield code="a">[Kyoto] :</marc:subfield>
            <marc:subfield code="b">林氏吉永,</marc:subfield>
            <marc:subfield code="c">元禄9 [1696]</marc:subfield>
        </marc:datafield>
        <marc:datafield tag="880" ind1=" " ind2=" ">
            <marc:subfield code="6">500-05</marc:subfield>
            <marc:subfield code="a">"御繪圖所林氏吉永"--Colophon.</marc:subfield>
        </marc:datafield>
        <marc:datafield tag="880" ind1="4" ind2=" ">
            <marc:subfield code="6">510-06</marc:subfield>
            <marc:subfield code="a">京都圖総目錄  / 大塚隆.</marc:subfield>
            <marc:subfield code="c">p. 16 (新選増補京大繪圖,元禄九歲(1696)二月吉辰,林吉永;167 x 125糎;手彩色)</marc:subfield>
        </marc:datafield>
        <marc:datafield tag="880" ind1="0" ind2=" ">
            <marc:subfield code="6">730-07</marc:subfield>
            <marc:subfield code="a">京繪図.</marc:subfield>
        </marc:datafield>
        <marc:datafield tag="902" ind1=" " ind2=" ">
            <marc:subfield code="a">eal</marc:subfield>
            <marc:subfield code="e">20081031</marc:subfield>
        </marc:datafield>
        <marc:datafield tag="994" ind1=" " ind2=" ">
            <marc:subfield code="a">C0</marc:subfield>
            <marc:subfield code="b">PULEA</marc:subfield>
        </marc:datafield>
    </marc:record>
    <marc:record type="Holdings">
        <marc:leader>00302cx  a22001091  4500</marc:leader>
        <marc:controlfield tag="001">5713036</marc:controlfield>
        <marc:controlfield tag="004">5599834</marc:controlfield>
        <marc:controlfield tag="005">20081117092224.0</marc:controlfield>
        <marc:controlfield tag="007">aj cazzn</marc:controlfield>
        <marc:controlfield tag="008">0810314u    8   1001uu   0901128</marc:controlfield>
        <marc:datafield tag="852" ind1="8" ind2=" ">
            <marc:subfield code="b">jrare</marc:subfield>
            <marc:subfield code="h">G7964.K98G46 1696</marc:subfield>
            <marc:subfield code="i">.H3</marc:subfield>
            <marc:subfield code="x">ms</marc:subfield>
            <marc:subfield code="x">B2294</marc:subfield>
        </marc:datafield>
        <marc:datafield tag="866" ind1=" " ind2="0">
            <marc:subfield code="z">SHELVED: Firestone Rare Books, A-floor MSS vault, Range 30, Shelf 7</marc:subfield>
        </marc:datafield>
    </marc:record>
    <marc:record type="Holdings">
        <marc:leader>00182nx  a22000854  4500</marc:leader>
        <marc:controlfield tag="001">7316124</marc:controlfield>
        <marc:controlfield tag="004">5599834</marc:controlfield>
        <marc:controlfield tag="005">20130513145640.0</marc:controlfield>
        <marc:controlfield tag="008">1305134u    8   1001uu   0901128</marc:controlfield>
        <marc:datafield tag="852" ind1="8" ind2=" ">
            <marc:subfield code="b">elf1</marc:subfield>
            <marc:subfield code="h">Electronic Resource</marc:subfield>
        </marc:datafield>
    </marc:record>
</marc:collection>
